<record><leader>00000cas a22000007a 4500</leader><controlfield tag="001">19906896</controlfield><controlfield tag="008">890621d18791879moudn ne      0    0eng d</controlfield><datafield ind1=" " ind2=" " tag="010"><subfield code="a">sn 89066169 </subfield></datafield><datafield ind1=" " ind2=" " tag="040"><subfield code="a">MQN</subfield><subfield code="b">eng</subfield><subfield code="c">MQN</subfield><subfield code="d">OCLCQ</subfield></datafield><datafield ind1=" " ind2=" " tag="042"><subfield code="a">msc</subfield></datafield><datafield ind1="0" ind2="0" tag="245"><subfield code="a">Daily Missouri statesman.</subfield></datafield><datafield ind1="3" ind2="0" tag="246"><subfield code="a">Daily statesman</subfield></datafield><datafield ind1=" " ind2=" " tag="260"><subfield code="a">Columbia, Mo. :</subfield><subfield code="b">[W.F. Switzler],</subfield><subfield code="c">1879.</subfield></datafield><datafield ind1=" " ind2=" " tag="300"><subfield code="a">v.</subfield></datafield><datafield ind1=" " ind2=" " tag="310"><subfield code="a">Daily (except Mon.)</subfield></datafield><datafield ind1="0" ind2=" " tag="362"><subfield code="a">Vol. 1, no. 1 (Aug. 6, 1879)-v. 1, no. 107 (Dec. 13, 1879).</subfield></datafield><datafield ind1=" " ind2=" " tag="500"><subfield code="a">Publisher taken from Vol. 1, no. 2 (Aug. 7, 1879).</subfield></datafield><datafield ind1=" " ind2=" " tag="500"><subfield code="a">Published as: Daily statesman, Aug. 7, 1879-Dec. 13, 1879.</subfield></datafield><datafield ind1=" " ind2=" " tag="752"><subfield code="a">United States</subfield><subfield code="b">Missouri</subfield><subfield code="c">Boone</subfield><subfield code="d">Columbia.</subfield></datafield><datafield ind1="0" ind2=" " tag="775"><subfield code="t">Missouri statesman (Columbia, Mo. : 1874)</subfield><subfield code="w">(DLC)sn 83016973</subfield></datafield></record>